<?xml version="1.0" encoding="UTF-8"?><collection xmlns="http://www.loc.gov/MARC21/slim"><record><leader>00547nam--2200205-u-4500</leader><controlfield tag="001">000053707</controlfield><controlfield tag="002">20161230</controlfield><controlfield tag="005">20170106163542</controlfield><controlfield tag="008">110531s1000------------r-----000-0-rus-d</controlfield><datafield ind1=" " ind2=" " tag="040"><subfield code="a">IFIN-HH</subfield></datafield><datafield ind1=" " ind2=" " tag="041"><subfield code="a">rus</subfield></datafield><datafield ind1=" " ind2=" " tag="080"><subfield code="a">541.123.2:536.7</subfield></datafield><datafield ind1="1" ind2=" " tag="100"><subfield code="a">Kozin, L. F</subfield></datafield><datafield ind1="1" ind2="0" tag="245"><subfield code="a">Termodinamika binarnih amalgamnih sistem</subfield><subfield code="c">L.F. Kozin; R.Sh. Nigmetova; M.B. Dergateva</subfield></datafield><datafield ind1=" " ind2=" " tag="260"><subfield code="a">Alma Ata</subfield><subfield code="b">Nauka</subfield><subfield code="c">1977</subfield></datafield><datafield ind1=" " ind2=" " tag="300"><subfield code="a">343 p</subfield></datafield><datafield ind1="1" ind2=" " tag="700"><subfield code="a">Nigmetova, R. Sh</subfield></datafield><datafield ind1=" " ind2=" " tag="700"><subfield code="a">Dergateva, M. B</subfield></datafield><datafield ind1=" " ind2=" " tag="852"><subfield code="a">46063</subfield><subfield code="c">536.7</subfield></datafield><datafield ind1=" " ind2=" " tag="CAT"><subfield code="a">SYS</subfield><subfield code="c">20170106</subfield><subfield code="h">163542</subfield></datafield></record></collection>